@article{POP201297,
title = "New mathematical models of the generalized vehicle routing problem and extensions",
journal = "Applied Mathematical Modelling",
volume = "36",
number = "1",
pages = "97 - 107",
year = "2012",
issn = "0307-904X",
doi = "https://doi.org/10.1016/j.apm.2011.05.037",
url = "http://www.sciencedirect.com/science/article/pii/S0307904X11003489",
author = "Petric\v{a} C. Pop and Imdat Kara and Andrei Horvat Marc",
keywords = "Network design, Vehicle routing problem, Generalized vehicle routing problem, Generalized traveling salesman problem, Integer programming"
}

@article{GHIANI200011,
title = "An efficient transformation of the generalized vehicle routing problem",
journal = "European Journal of Operational Research",
volume = "122",
number = "1",
pages = "11 - 17",
year = "2000",
issn = "0377-2217",
doi = "https://doi.org/10.1016/S0377-2217(99)00073-9",
url = "http://www.sciencedirect.com/science/article/pii/S0377221799000739",
author = "Gianpaolo Ghiani and Gennaro Improta",
keywords = "Generalized vehicle routing problem, Location-routing, Arc routing"
}

@article{bektasKara,
title = "New mathematical models of the generalized vehicle routing problem and extensions",
journal = "Proc. of the 5th EURO/INFORMS Joint International Meeting",
year = "2003",
author = "Kara, Imdat and Bektas, Tolga",
}

@article{Laporte1996,
author="Laporte, Gilbert
and Asef-Vaziri, Ardavan
and Sriskandarajah, Chelliah",
title="Some Applications of the Generalized Travelling Salesman Problem",
journal="Journal of the Operational Research Society",
year="1996",
month="Dec",
day="01",
volume="47",
number="12",
pages="1461--1467",
abstract="In the Generalized Travelling Salesman Problem (GTSP), the aim is to determine a least cost Hamiltonian circuit or cycle through several clusters of vertices. It is shown that a wide variety of combinatorial optimization problems can be modelled as GTSPs. These problems include location-routeing problems, material flow system design, post-box collection, stochastic vehicle routeing and arc routeing.",
issn="1476-9360",
doi="10.1057/jors.1996.190",
url="https://doi.org/10.1057/jors.1996.190"
}

@article{AraqueG1994,
author="Araque G, J. R.
and Kudva, G.
and Morin, T. L.
and Pekny, J. F.",
title="A branch-and-cut algorithm for vehicle routing problems",
journal="Annals of Operations Research",
year="1994",
month="Dec",
day="01",
volume="50",
number="1",
pages="37--59",
issn="1572-9338",
doi="10.1007/BF02085634",
url="https://doi.org/10.1007/BF02085634"
}



@article{oregonator,
   author = "Field, Richard J. and Noyes, Richard M.",
   title = "Oscillations in chemical systems. IV. Limit cycle behavior in a model of a real chemical reaction",
   journal = "The Journal of Chemical Physics",
   year = "1974",
   volume = "60",
   number = "5", 
   pages = "1877-1884",
   url = "http://scitation.aip.org/content/aip/journal/jcp/60/5/10.1063/1.1681288",
   doi = "http://dx.doi.org/10.1063/1.1681288" 
}

@article{GELINAS1972222,
title = "Stiff systems of kinetic equations—A practitioner's view",
journal = "Journal of Computational Physics",
volume = "9",
number = "2",
pages = "222 - 236",
year = "1972",
note = "",
issn = "0021-9991",
doi = "http://dx.doi.org/10.1016/0021-9991(72)90020-4",
url = "http://www.sciencedirect.com/science/article/pii/0021999172900204",
author = "Robert J Gelinas",

}

@article{MICHELSEN1977107,
title = "Application of semi-implicit Runge—Kutta methods for integration of ordinary and partial differential equations",
journal = "The Chemical Engineering Journal",
volume = "14",
number = "2",
pages = "107 - 112",
year = "1977",
note = "",
issn = "0300-9467",
doi = "http://dx.doi.org/10.1016/0300-9467(77)85005-3",
url = "http://www.sciencedirect.com/science/article/pii/0300946777850053",
author = "Michael L. Michelsen",

}


@article{matlabodes,
author = {Lawrence F. Shampine and Mark W. Reichelt},
title = {The MATLAB ODE Suite},
journal = {SIAM Journal on Scientific Computing},
volume = {18},
number = {1},
pages = {1-22},
year = {1997},
doi = {10.1137/S1064827594276424},

URL = { 
        http://dx.doi.org/10.1137/S1064827594276424
    
},
eprint = { 
        http://dx.doi.org/10.1137/S1064827594276424
    
}

}

@article{DORMAND198019,
title = "A family of embedded Runge-Kutta formulae",
journal = "Journal of Computational and Applied Mathematics",
volume = "6",
number = "1",
pages = "19 - 26",
year = "1980",
note = "",
issn = "0377-0427",
doi = "http://dx.doi.org/10.1016/0771-050X(80)90013-3",
url = "http://www.sciencedirect.com/science/article/pii/0771050X80900133",
author = "J.R. Dormand and P.J. Prince",

}